
@software{bergerderekm.DMBergerRandommatrixfmriV02020,
  title        = {{{DM}}-{{Berger}}/Random-Matrix-Fmri: V0.1-Alpha},
  shorttitle   = {{{DM}}-{{Berger}}/Random-Matrix-Fmri},
  author       = {Berger, Derek M. and Levman, Jacob},
  date         = {2020-08-23},
  doi          = {10.5281/ZENODO.3996741},
  url          = {https://zenodo.org/record/3996741},
  urldate      = {2020-08-25},
  abstract     = {Pre-release version to setup the repo for citation.},
  organization = {{Zenodo}},
  version      = {v0.1-pre}
}

@inproceedings{bergerOpenSourceRandom2021,
  title      = {Open {{Source Random Matrix Theory Software}} for the {{Analysis}} of {{Functional Magnetic}}-{{Resonance Imaging Examinations}}},
  author     = {Berger, Derek and Matharoo, Gurpreet S. and Levman, Jacob},
  date       = {2021-05-15},
  month      = {May},
  year       = {2021},
  location   = {{Vancouver, BC, Canada}},
  eventtitle = {{{ISMRM}} \& {{SMRT Annual Meeting}} \& {{Exhibition}}}
}

@software{bergerStfxecutablesEmpyricalRMTPreliminary2020,
  title        = {Stfxecutables/{{empyricalRMT}}: {{Preliminary Release}}},
  shorttitle   = {Stfxecutables/{{empyricalRMT}}},
  author       = {Berger, Derek},
  date         = {2020-05-11},
  year         = {2020},
  month        = {May},
  day          = {11},
  doi          = {10.5281/ZENODO.3820650},
  url          = {\url{https://zenodo.org/record/3820650}},
  urldate      = {2020-05-11},
  abstract     = {Preliminary release for citation purposes.},
  organization = {{Zenodo}},
  version      = {prelim},
  keywords     = {random matrix theory,RMT,spectral observables}
}

@book{huettelFunctionalMagneticResonance2004,
  title     = {Functional Magnetic Resonance Imaging},
  author    = {Huettel, Scott A. and Song, Allen W. and McCarthy, Gregory},
  year      = {2004},
  publisher = {{Sinauer Associates, Publishers}},
  location  = {{Sunderland, Mass}},
  isbn      = {978-0-87893-288-7},
  pagetotal = {492},
  keywords  = {Brain,Brain Mapping,Cognitive neuroscience,Magnetic resonance imaging,Magnetic Resonance Imaging,methods}
}


