/home/derek/Desktop/GITHUB-RandomMatrixFMRI/paper/latex/NetworkNeuroscience/rmt.bib