
@software{bergerderekm.DMBergerRandommatrixfmriV02020,
  abstract     = {Pre-release version to setup the repo for citation.},
  author       = {Berger, Derek M. and Levman, Jacob},
  date         = {2020-08-23},
  doi          = {10.5281/ZENODO.3996741},
  organization = {{Zenodo}},
  shorttitle   = {{{DM}}-{{Berger}}/Random-Matrix-Fmri},
  title        = {{{DM}}-{{Berger}}/Random-Matrix-Fmri: V0.1-Alpha},
  url          = {\url{https://zenodo.org/record/3996741}},
  urldate      = {2020-08-25},
  version      = {v0.1-pre},
}

@inproceedings{bergerOpenSourceRandom2021,
  author     = {Berger, Derek and Matharoo, Gurpreet S. and Levman, Jacob},
  date       = {2021-05-15},
  eventtitle = {{{ISMRM}} \& {{SMRT Annual Meeting}} \& {{Exhibition}}},
  location   = {{Vancouver, BC, Canada}},
  title      = {Open {{Source Random Matrix Theory Software}} for the {{Analysis}} of {{Functional Magnetic}}-{{Resonance Imaging Examinations}}},
}

@software{bergerStfxecutablesEmpyricalRMTPreliminary2020,
  abstract     = {Preliminary release for citation purposes.},
  author       = {Berger, Derek},
  date         = {2020-05-11},
  doi          = {10.5281/ZENODO.3820650},
  keywords     = {random matrix theory,RMT,spectral observables},
  organization = {{Zenodo}},
  shorttitle   = {Stfxecutables/{{empyricalRMT}}},
  title        = {Stfxecutables/{{empyricalRMT}}: {{Preliminary Release}}},
  url          = {\url{https://zenodo.org/record/3820650}},
  urldate      = {2020-05-11},
  version      = {prelim},
}


